@book{sivanagaraju2008electric,
  title={Electric Power Transmission and Distribution},
  author={Sivanagaraju, S.},
  isbn={9788131707913},
  url={https://books.google.com/books?id=KpY1hpKKwdQC},
  year={2008},
  publisher={Dorling Kindersley}
}

@article{blaabjerg2006overview,
  title={Overview of control and grid synchronization for distributed power generation systems},
  author={Blaabjerg, Frede and Teodorescu, Remus and Liserre, Marco and Timbus, Adrian V},
  journal={IEEE Transactions on industrial electronics},
  volume={53},
  number={5},
  pages={1398--1409},
  year={2006},
  publisher={Citeseer}
}

@article{morren2006wind,
  title={Wind turbines emulating inertia and supporting primary frequency control},
  author={Morren, Johan and De Haan, Sjoerd WH and Kling, Wil L and Ferreira, JA},
  journal={IEEE Transactions on power systems},
  volume={21},
  number={1},
  pages={433--434},
  year={2006},
  publisher={IEEE}
}

@ARTICLE{5154067, 
author={}, 
journal={IEEE Std 1159-2009 (Revision of IEEE Std 1159-1995)}, 
title={IEEE Recommended Practice for Monitoring Electric Power Quality}, 
year={2009}, 
volume={}, 
number={}, 
pages={c1-81}, 
keywords={power supply quality;power system measurement;IEEE recommended practice;electric power quality;ac power systems;power quality monitoring;assessment;compatibility;dip;distortion;electromagnetic phenomena;harmonics;imbalance;instruments;monitoring;power quality;rms variation;sag;swell;transient;unbalance}, 
doi={10.1109/IEEESTD.2009.5154067}, 
ISSN={}, 
month={June},}

@article{liu2017distribution,
  title={A distribution level wide area monitoring system for the electric power grid--FNET/GridEye},
  author={Liu, Yong and You, Shutang and Yao, Wenxuan and Cui, Yi and Wu, Ling and Zhou, Dao and Zhao, Jiecheng and Liu, Hesen and Liu, Yilu},
  journal={IEEE Access},
  volume={5},
  pages={2329--2338},
  year={2017},
  publisher={IEEE}
}

@article{peisert2017lbnl,
  title={LBNL Open Power Data},
  author={Peisert, S and Gentz, R and Boverhof, J and McParland, C and Engle, S and Elbashandy, A and Gunter, D},
  year={2017}
}

@article{satyanarayanan2017emergence,
  title={The emergence of edge computing},
  author={Satyanarayanan, Mahadev},
  journal={Computer},
  volume={50},
  number={1},
  pages={30--39},
  year={2017},
  publisher={IEEE}
}

@online{forbesiot,
  title = {IoT Market Predicted To Double By 2021, Reaching \$520B},
  url = {https://www.forbes.com/sites/louiscolumbus/2018/08/16/iot-market-predicted-to-double-by-2021-reaching-520b/#734d45911f94},
  note = {Accessed: 2018-09-30}
}

@misc{gagliardi2011content,
  title={Content delivery network},
  author={Gagliardi, Joshua D and Munger, Timothy S},
  year={2011},
  month=jun # "~14",
  publisher={Google Patents},
  note={US Patent 7,962,580}
}

@article{edgeiot,
author = {Sun, Xiang and Ansari, Nirwan},
year = {2016},
month = {12},
pages = {22-29},
title = {EdgeIoT: Mobile Edge Computing for the Internet of Things},
volume = {54},
booktitle = {IEEE Communications Magazine}
}

@inproceedings{oueis2015fog,
  title={The fog balancing: Load distribution for small cell cloud computing},
  author={Oueis, Jessica and Strinati, Emilio Calvanese and Barbarossa, Sergio},
  booktitle={Vehicular Technology Conference (VTC Spring), 2015 IEEE 81st},
  pages={1--6},
  year={2015},
  organization={IEEE}
}

@inproceedings{wang2015mobiscud,
  title={Mobiscud: A fast moving personal cloud in the mobile network},
  author={Wang, Kaiqiang and Shen, Minwei and Cho, Junguk and Banerjee, Arijit and Van der Merwe, Jacobus and Webb, Kirk},
  booktitle={Proceedings of the 5th Workshop on All Things Cellular: Operations, Applications and Challenges},
  pages={19--24},
  year={2015},
  organization={ACM}
}

@inproceedings{wang2013mobile,
  title={Mobile micro-cloud: Application classification, mapping, and deployment},
  author={Wang, Shiqiang and Tu, Guan-Hua and Ganti, Raghu and He, Ting and Leung, Kin and Tripp, Howard and Warr, Katy and Zafer, Murtaza},
  booktitle={Proc. Annual Fall Meeting of ITA (AMITA)},
  year={2013}
}

@article{zhang2010wide,
  title={Wide-area frequency monitoring network (FNET) architecture and applications},
  author={Zhang, Yingchen and Markham, Penn and Xia, Tao and Chen, Lang and Ye, Yanzhu and Wu, Zhongyu and Yuan, Zhiyong and Wang, Lei and Bank, Jason and Burgett, Jon and others},
  journal={IEEE Transactions on smart grid},
  volume={1},
  number={2},
  pages={159--167},
  year={2010},
  publisher={IEEE}
}

@article{silva2017development,
  title={Development of a monitoring system for electrical energy consumption and power quality analysis},
  author={Silva, Pedro LM and Afonso, Jos{\'e} A and Monteiro, V{\'\i}tor Duarte Fernandes and Pinto, JG and Afonso, Jo{\~a}o L},
  year={2017},
  publisher={International Association of Engineers (IAENG)}
}

@online{pqube_spec,
  title = {Pqube specifications},
  url = {https://www.powerstandards.com/product/pqube-classic/specifications/},
  note = {Accessed: 2018-09-30}
}

@inproceedings{von2014micro,
  title={Micro-synchrophasors for distribution systems},
  author={Von Meier, Alexandra and Culler, David and McEachern, Alex and Arghandeh, Reza},
  booktitle={Innovative Smart Grid Technologies Conference (ISGT), 2014 IEEE PES},
  pages={1--5},
  year={2014},
  organization={IEEE}
}

@article{li2016cooperative,
  title={Cooperative Change Detection for Voltage Quality Monitoring in Smart Grids.},
  author={Li, Shang and Wang, Xiaodong},
  journal={IEEE Trans. Information Forensics and Security},
  volume={11},
  number={1},
  pages={86--99},
  year={2016}
}

@article{gu2004statistical,
  title={A statistical-based sequential method for fast online detection of fault-induced voltage dips},
  author={Gu, Irene YH and Ernberg, Nichlas and Styvaktakis, Emmanouil and Bollen, Math HJ},
  journal={IEEE Transactions on Power Delivery},
  volume={19},
  number={2},
  pages={497--504},
  year={2004},
  publisher={IEEE}
}
@article{karimi2000wavelet,
  title={Wavelet based on-line disturbance detection for power quality applications},
  author={Karimi, Masoud and Mokhtari, Hossein and Iravani, M Reza},
  journal={IEEE Transactions on Power Delivery},
  volume={15},
  number={4},
  pages={1212--1220},
  year={2000},
  publisher={IEEE}
}
@article{shin2006power,
  title={Power quality indices for transient disturbances},
  author={Shin, Y-J and Powers, Edward J and Grady, Mack and Arapostathis, Ari},
  journal={IEEE Transactions on Power Delivery},
  volume={21},
  number={1},
  pages={253--261},
  year={2006},
  publisher={IEEE}
}

@inproceedings{hoglund2012using,
  title={Using a 6LoWPAN smart meter mesh network for event-driven monitoring of power quality},
  author={H{\"o}glund, Joel and Ilic, Dejan and Karnouskos, Stamatis and Sauter, Robert and Da Silva, Per Goncalves},
  booktitle={Smart Grid Communications (SmartGridComm), 2012 IEEE Third International Conference on},
  pages={448--453},
  year={2012},
  organization={IEEE}
}

@article{kahle2016power,
  title={Power Converters and Power Quality},
  author={Kahle, K},
  journal={arXiv preprint arXiv:1607.01556},
  year={2016}
}

@inproceedings{li2013monitoring,
  title={Monitoring disturbances in smart grids using distributed sequential change detection},
  author={Li, Shang and Wang, Xiaodong},
  booktitle={Computational Advances in Multi-Sensor Adaptive Processing (CAMSAP), 2013 IEEE 5th International Workshop on},
  pages={432--435},
  year={2013},
  organization={IEEE}
}

@article{daponte2004transientmeter,
  title={TransientMeter: A distributed measurement system for power quality monitoring},
  author={Daponte, P and Di Penta, M and Mercurio, G},
  journal={IEEE Transactions on Power Delivery},
  volume={19},
  number={2},
  pages={456--463},
  year={2004},
  publisher={IEEE}
}

@inproceedings{suslov2014distributed,
  title={Distributed power quality monitoring},
  author={Suslov, KV and Solonina, NN and Smirnov, AS},
  booktitle={Harmonics and Quality of Power (ICHQP), 2014 IEEE 16th International Conference on},
  pages={517--520},
  year={2014},
  organization={IEEE}
}

@article{won2006new,
  title={A new algorithm to locate power-quality event source with improved realization of distributed monitoring scheme},
  author={Won, Dong-Jun and Chung, Il-Yop and Kim, Joong-Moon and Moon, Seung-Il and Seo, Jang-Cheol and Choe, Jong-Woong},
  journal={IEEE Transactions on Power Delivery},
  volume={21},
  number={3},
  pages={1641--1647},
  year={2006},
  publisher={IEEE}
}

@inproceedings{parsons1998direction,
  title={A direction finder for power quality disturbances based upon disturbance power and energy},
  author={Parsons, Anthony C and Grady, W Mack and Powers, Edward J and Soward, John C},
  booktitle={Harmonics and Quality of Power Proceedings, 1998. Proceedings. 8th International Conference On},
  volume={2},
  pages={693--699},
  year={1998},
  organization={IEEE}
}

@article{polajvzer2017evaluation,
  title={Evaluation of Different Methods for Voltage Sag Source Detection},
  author={Polaj{\v{z}}er, Bo{\v{s}}tjan and {\v{S}}tumberger, Gorazd and Seme, Sebastijan},
  journal={Energija},
  volume={59},
  number={1-4},
  pages={0--0},
  year={2017},
  publisher={Hrvatska elektroprivreda dd}
}

@article{kumar2015power,
  title={Power quality event generation in MATLAB/Simulink environment},
  author={Kumar, V and Kaur, M},
  journal={International Journal of Advanced Research in Electrical, Electronics and Instrumentation Engineering},
  volume={4},
  number={7},
  pages={6055--6059},
  year={2015}
}

@inproceedings{muhamad2007effects,
  title={The effects of power quality to the industries},
  author={Muhamad, Mohd Izhwan and Mariun, Norman and Radzi, Mohd Amran Mohd},
  booktitle={Research and Development, 2007. SCOReD 2007. 5th Student Conference on},
  pages={1--4},
  year={2007},
  organization={IEEE}
}

@inproceedings{tan2013simulation,
  title={Simulation of power quality events using Simulink model},
  author={Tan, Rodney HG and Ramachandaramurthy, VK},
  booktitle={Power Engineering and Optimization Conference (PEOCO), 2013 IEEE 7th International},
  pages={277--281},
  year={2013},
  organization={IEEE}
}

@inproceedings{zhang2009new,
  title={A new data compression algorithm for power quality online monitoring},
  author={Zhang, Dahai and Bi, Yanqiu and Zhao, Jianguo},
  booktitle={Sustainable Power Generation and Supply, 2009. SUPERGEN'09. International Conference on},
  pages={1--4},
  year={2009},
  organization={IEEE}
}

@article{de2015effective,
title={An effective power quality classifier using wavelet transform and support vector machines},
author={De Yong, D and Bhowmik, S and Magnago, Fernando},
journal={Expert Systems with Applications},
volume={42},
number={15-16},
pages={6075--6081},
year={2015},
publisher={Elsevier}
}

@book{Horowitz:2015:AE:2960712,
author = {Horowitz, Paul and Hill, Winfield},
title = {The Art of Electronics},
year = {2015},
isbn = {0521809266, 9780521809269},
edition = {3rd},
publisher = {Cambridge University Press},
address = {New York, NY, USA},
}